<?xml version="1.0" encoding="UTF-8"?><collection xmlns="http://www.loc.gov/MARC21/slim"><record><leader>00457nam--2200145-i-4500</leader><controlfield tag="001">000028798</controlfield><controlfield tag="002">20161230</controlfield><controlfield tag="005">20161230201037</controlfield><controlfield tag="008">060222s1000------------r-----000-0-eng-d</controlfield><datafield ind1=" " ind2=" " tag="080"><subfield code="a">530.145.6</subfield></datafield><datafield ind1=" " ind2=" " tag="100"><subfield code="a">Kuhn, Thomas S./S.A.</subfield></datafield><datafield ind1=" " ind2=" " tag="245"><subfield code="a">Sources for history of quantum physics.an inventory and report</subfield></datafield><datafield ind1=" " ind2=" " tag="260"><subfield code="a">Philadelphia, The American Philosophical Society, 1967. Ix + 176p</subfield></datafield><datafield ind1=" " ind2=" " tag="490"><subfield code="a">Memoirs Of The American Philosophical Society</subfield></datafield><datafield ind1=" " ind2=" " tag="852"><subfield code="a">28676</subfield></datafield></record></collection>